@article{DBLP:journals/corr/SnellSZ17,
  author    = {Jake Snell and
               Kevin Swersky and
               Richard S. Zemel},
  title     = {Prototypical Networks for Few-shot Learning},
  journal   = {CoRR},
  volume    = {abs/1703.05175},
  year      = {2017},
  url       = {http://arxiv.org/abs/1703.05175},
  eprinttype = {arXiv},
  eprint    = {1703.05175},
  timestamp = {Mon, 13 Aug 2018 16:46:05 +0200},
  biburl    = {https://dblp.org/rec/journals/corr/SnellSZ17.bib},
  bibsource = {dblp computer science bibliography, https://dblp.org}
}

@article{DBLP:journals/corr/NagraniCZ17,
  author    = {Arsha Nagrani and
               Joon Son Chung and
               Andrew Zisserman},
  title     = {VoxCeleb: a large-scale speaker identification dataset},
  journal   = {CoRR},
  volume    = {abs/1706.08612},
  year      = {2017},
  url       = {http://arxiv.org/abs/1706.08612},
  eprinttype = {arXiv},
  eprint    = {1706.08612},
  timestamp = {Mon, 13 Aug 2018 16:47:04 +0200},
  biburl    = {https://dblp.org/rec/journals/corr/NagraniCZ17.bib},
  bibsource = {dblp computer science bibliography, https://dblp.org}
}

@InProceedings{Chung18b,
  author       = "Chung, J.~S. and Nagrani, A. and Zisserman, A.",
  title        = "VoxCeleb2: Deep Speaker Recognition",
  booktitle    = "INTERSPEECH",
  year         = "2018",
}

@article{DBLP:journals/corr/FinnAL17,
  author    = {Chelsea Finn and
               Pieter Abbeel and
               Sergey Levine},
  title     = {Model-Agnostic Meta-Learning for Fast Adaptation of Deep Networks},
  journal   = {CoRR},
  volume    = {abs/1703.03400},
  year      = {2017},
  url       = {http://arxiv.org/abs/1703.03400},
  eprinttype = {arXiv},
  eprint    = {1703.03400},
  timestamp = {Mon, 13 Aug 2018 16:47:43 +0200},
  biburl    = {https://dblp.org/rec/journals/corr/FinnAL17.bib},
  bibsource = {dblp computer science bibliography, https://dblp.org}
}

@article{DBLP:journals/corr/abs-2111-06377,
  author    = {Kaiming He and
               Xinlei Chen and
               Saining Xie and
               Yanghao Li and
               Piotr Doll{\'{a}}r and
               Ross B. Girshick},
  title     = {Masked Autoencoders Are Scalable Vision Learners},
  journal   = {CoRR},
  volume    = {abs/2111.06377},
  year      = {2021},
  url       = {https://arxiv.org/abs/2111.06377},
  eprinttype = {arXiv},
  eprint    = {2111.06377},
  timestamp = {Tue, 16 Nov 2021 12:12:31 +0100},
  biburl    = {https://dblp.org/rec/journals/corr/abs-2111-06377.bib},
  bibsource = {dblp computer science bibliography, https://dblp.org}
}

@ARTICLE{ivectors,
    author={Dehak, Najim and Kenny, Patrick J. and Dehak, Réda and Dumouchel, Pierre and Ouellet, Pierre},
    journal={IEEE Transactions on Audio, Speech, and Language Processing},
    title={Front-End Factor Analysis for Speaker Verification},
    year={2011},
    volume={19},
    number={4},
    pages={788-798},
    doi={10.1109/TASL.2010.2064307}
}

@book{ParallelDistributedProcessing,
editor = {Rumelhart, David E. and McClelland, James L. and PDP Research Group, CORPORATE},
title = {Parallel Distributed Processing: Explorations in the Microstructure of Cognition, Vol. 1: Foundations},
year = {1986},
isbn = {026268053X},
publisher = {MIT Press},
address = {Cambridge, MA, USA}
}

@misc{MAE,
  doi = {10.48550/ARXIV.2111.06377},
  url = {https://arxiv.org/abs/2111.06377},
  author = {He, Kaiming and Chen, Xinlei and Xie, Saining and Li, Yanghao and Dollár, Piotr and Girshick, Ross},
  keywords = {Computer Vision and Pattern Recognition (cs.CV), FOS: Computer and information sciences, FOS: Computer and information sciences},
  title = {Masked Autoencoders Are Scalable Vision Learners},
  publisher = {arXiv},
  year = {2021},
  copyright = {Creative Commons Attribution 4.0 International}
}
